2730 4728
470 419 523 434 ....
599 385 650 454 41.
716 355 780 434 ·.’...

114 577 211 674 quod
236 577 277 644 in
299 571 566 644 recentissimis
595 568 789 642 defendunt
820 595 864 638 aa
890 557 1138 648 Wrrrsos'et'
1215 655 1220 672 θ

95 684 380 765 *Eronuoasrus7
425 700 469 766 an
492 677 651 768 ipsorum
673 675 888 742 ludaeorum
913 679 952 744 in
978 680 1135 752 moribus

115 766 332 876 corruptela,
368 780 458 848 etin
477 777 639 855 civilibus
660 779 764 846 rebus
784 783 988 870 perversitas
1007 783 1138 848 descri-

1 933 2 966 ;
115 889 238 976 hatur,
265 909 391 974 magno
409 907 512 974 opere
530 881 727 969 ambigitur.
779 879 852 948 Nec
866 897 978 976 potest
993 901 1035 950 'ex
1050 886 1146 978 ipsis³
1168 881 1171 894 ¹

116 992 246 1079 verbis,
273 988 344 1054 utri
360 983 620 1062 assentiendum
637 985 682 1048 sit
696 985 801 1075 parti,
817 1001 919 1054 ‘certo
939 987 1146 1055 diiudicata

118 1091 284 1163 Attamen
307 1113 372 1182 pro
396 1090 494 1168 certia
517 1085 764 1154 affirmandum
787 1101 894 1180 puto,
928 1091 1021 1156 inter
1043 1081 1148 1158 com-¹
1227 1114 1230 1122 ’

43 1205 54 1289 J
119 1210 211 1268 mata
233 1197 344 1266 2-4
370 1204 404 1258 et
426 1193 562 1261 5-11
582 1190 740 1256 obtinere
761 1193 934 1282 quandam
949 1196 1140 1286 oppositio·
1183 1217 1186 1223 ·
1299 1207 1304 1214 '

120 1325 220 1389 uem,
245 1297 373 1388 hisque
393 1293 582 1360 Chaldaeos
600 1293 763 1360 excitatos
778 1292 866 1381 dici,
892 1321 955 1388 per
975 1322 1062 1387 quos
1076 1297 1146 1364 Jo-¹
1213 1290 1217 1304 ⁴

117 1428 162 1474 va
213 1425 318 1470 cenas
343 1423 363 1464 a
388 1395 530 1462 Judasis
561 1407 743 1462 sumturus
774 1410 860 1463 esset
887 1409 931 1472 (v.
965 1404 997 1468 5.
1018 1405 1052 1470 6.
1082 1406 1140 1471 12.

119 1495 231 1610 imo]
259 1471 400 1606 ll'Dh'li?
426 1501 504 1601 ἾἨ]
531 1490 636 1586 5th
664 1475 847 1604 0262?ssss
886 1487 1034 1592 quarum
1058 1528 1143 1594 poe-

119 1597 250 1676 narum
278 1627 342 1670 cur
365 1595 418 1668 rei
437 1613 552 1668 essent
578 1625 660 1668 cum
682 1622 875 1692 nusquam,
903 1604 974 1670 nisi
992 1629 1144 1672 comma·

120 1709 215 1779 tibus
236 1709 361 1778 2—4.
380 1729 540 1796 expressa
560 1716 647 1772 esset
665 1727 781 1770 caussa
792 1706 1063 1796 ,indicaretnr,
1087 1709 1152 1776 id*

121 1837 191 1904 qne
211 1811 370 1878 omittere
391 1807 563 1905 absonum
586 1803 725 1894 fuisset,
760 1806 860 1875 hoc
850 1835 927 1902 apso
956 1811 1144 1878 sententia·

123 1939 208 1982 rum
232 1937 327 1979 nexu
346 1908 520 1996 adducor,
557 1920 597 1974 ut
614 1911 840 1979 commatibus
860 1916 993 2002 2-4,
1022 1939 1144 2007 quem-

98 2075 100 2090 .
123 2013 314 2084 admodum
339 2015 408 2102 jam
436 2011 629 2080 Lernaeus
657 2013 812 2088 (Praefat.
843 2015 1077 2084 Commentar.
1104 2018 1145 2084 in

123 2119 252 2188 Habac.
267 2117 311 2184 T.
330 2115 389 2182 ΙΙΙ.
407 2109 552 2182 Altenb't
573 2113 597 2182 f.
619 2119 716 2206 420.)
744 2131 776 2183 et
799 2117 876 2186 Sta.
899 2142 965 2206 ιιι
984 2119 1054 2186 Τιι
1074 2119 1146 2199 (In-

123 2222 216 2292 trod.
243 2221 286 2310 ad
309 2217 399 2286 Hah.
421 2223 453 2286 6.
473 2217 512 2283 in
530 2216 688 2310 Phosph.
706 2217 868 2312 Prophet.
892 2249 927 2315 p.
951 2227 1035 2292 als.
1061 2237 1145 2314 seq.)

125 2323 380 2418 explicuerint,
417 2320 458 2394 de
476 2322 648 2412 perversis
671 2323 827 2390 maribus
844 2337 877 2390 et
894 2323 1074 2392 dilacerata
1092 2349 1147 2394 re-

125 2427 269 2524 publica
295 2423 504 2518 prophetam
525 2437 756 2513 conquestum
781 2451 872 2516 esse,
906 2453 1020 2520 neque
1039 2428 1147 2518 igitur

127 2529 365 2600 truculentam
383 2527 639 2594 Chaldaeorum
663 2527 937 2596 dominationem
965 2545 1148 2632 expertum

129 2631 373 2724 descripsisse,
397 2629 567 2696 hocloco
590 2631 778 2696 monstrari
796 2657 924 2722 posse,
943 2634 1148 2704 existimem.

129 2737 242 2832 Quam
261 2732 460 2800 luculenter
477 2757 620 2825 qaoque
638 2734 841 2825 comprobat
861 2737 1068 2802 sententiam
1088 2738 1158 2830 qui

131 2837 226 2931 apud
248 2821 437 2904 Jsremiam
466 2849 517 2902 est
540 2835 729 2928 persimilis
756 2849 790 2902 et
820 2837 862 2903 ad
888 2851 1042 2904 nostram
1074 2861 1150 2906 rem
1273 2907 1278 2916 ,

130 2939 368 3010 memorabilis
393 2937 491 3004 locus
520 2963 592 3030 cap.
617 2937 680 3025 V.,
722 2963 791 3030 quo
820 2965 900 3006 cum
925 2939 1149 3033 impietatem,
1253 2941 1256 2948 ’

129 3043 359 3137 injustitiam,
387 3040 617 3132 scelestosque
639 3066 754 3109 mores
777 3042 993 3110 Judaeornm
1027 3045 1154 3111 acriter

130 3147 391 3242 perstrinxisset
416 3159 461 3220 (v.
488 3147 677 3231 1—.13.),
722 3142 911 3214 Chaldaeos
939 3144 1074 3234 adfore,
1110 3147 1154 3214 ad

131 3248 360 3318 Habacucnm
383 3271 529 3338 prorsus
552 3246 706 3338 apposite
726 3247 934 3338 descriptos,
962 3273 1080 3338 graves
1099 3250 1156 3317 vi·

131 3353 267 3422 tiorum
290 3348 464 3438 vindices,
491 3349 664 3442 propheta
686 3349 872 3417 ominatur.
926 3352 1059 3446 Quodsi
1078 3377 1153 3421 eos·
1193 3377 1198 3392 ·

132 3455 215 3526 dem
230 3453 312 3522 illos
328 3463 420 3518 vates
437 3453 538 3528 (Hab.
552 3450 579 3517 I.
600 3457 671 3528 13.)
687 3453 774 3520 dixit
791 3453 919 3544 pejoris
937 3479 1021 3542 esse,
1049 3479 1153 3548 quam

133 3559 287 3628 Judaeos
312 3553 462 3642 indolis,
501 3556 588 3624 hinc
619 3567 690 3621 tam
720 3567 911 3622 accuratam
937 3581 1045 3650 penes
1072 3583 1155 3625 eum

135 3661 242 3729 fuisse
261 3657 517 3728 Chaldaeorum
546 3658 800 3747 cognitionem,
839 3659 1048 3726 concludere
1074 3685 1156 3728 cum

25 3825 30 3835 .
136 3765 407 3848 Βιιιιιιιοιιιιιο,
436 3783 539 3852 quam
558 3760 714 3826 sibinen
733 3761 902 3876 potuisset
919 3763 990 3828 nisi
1012 3787 1054 3828 ex
1072 3787 1157 3830 oon·-

137 3865 325 3936 suetudine
348 3887 471 3930 eorum
490 3875 523 3928 et
540 3850 756 3954 quotidiano
760 3888 827 3930 usu
845 3859 1066 3970 comparare,
1089 3845 1162 3932 lico

137 3970 294 4037 nimium
320 3979 370 4032 est
391 3965 562 4054 argutari,
590 3989 671 4034 cum
693 3963 751 4033 vel
771 3990 948 4055 rumores,
975 3967 1018 4034 de
1036 3965 1158 4036 nesan-

137 4071 191 4144 dis
218 4069 369 4141 istorum
397 4067 633 4160 facinoribus,
676 4066 914 4162 elonginquo
945 4095 1007 4165 per
1032 4071 1159 4166 vulgus
