2730 4728
546 258 911 372 ¹-so·--

242 487 417 586 λαμβάνει
436 489 564 581 Συρίαν
589 481 699 583 παρὲξ
721 493 783 580 τῆς
802 491 985 583 laetatus).
1040 495 1192 570 Judaeae
1215 532 1281 577 cur

244 597 439 664 Chaldaeus
468 593 703 682 (Esr.5‚12.)
728 593 859 667 belluna
888 623 965 664 non
994 597 1170 693 intulerit,
1209 635 1282 702 Po.

243 701 421 768 tissimum
445 698 531 764 hino
553 711 640 791 puto
666 698 931 792 explicandum,
970 704 1065 794 quod
1089 719 1121 772 et
1139 707 1278 779 Joiaki·

245 831 325 872 anns
343 803 447 870 fidem
466 801 628 869 Nschoni
648 801 780 890 datam,
808 829 829 868 a
848 829 918 895 quo
936 829 999 870 rex
1017 819 1087 874 e'rat
1105 814 1271 882 constitu·

246 924 320 995 tus,
349 906 553 998 editumque
579 919 676 972 atrox
701 905 793 972 illud
815 907 854 972 in
876 921 1130 980 antecessorem
1148 919 1277 984 severi-

248 1013 326 1079 tatis
346 1011 562 1102 exemplam,
595 1008 651 1076 vol
674 1021 769 1097 grato
791 1010 928 1099 animo,
962 1013 1019 1080 vel
1038 1017 1164 1097 timore
1182 1046 1280 1092 com-

248 1129 364 1182 motus
375 1163 385 1201 ,
412 1116 582 1203 integram
606 1125 775 1202 servaret,
812 1127 845 1178 et
858 1113 1140 1198 Nebueadnezar
1154 1101 1282 1215 'perse-

250 1217 390 1311 quendo
424 1217 462 1283 in
498 1217 609 1308 ipsam
636 1216 751 1284 sedern
778 1211 953 1310 Aegyptio
985 1220 1168 1311 intentus,
1214 1253 1281 1318 per

249 1320 487 1390 Moabitarum
506 1334 540 1386 et
555 1317 858 1408 Ammonitarum,
892 1319 1034 1390 foedere
1056 1326 1121 1392 sibi
1137 1328 1278 1395 iuncta-

249 1451 331 1493 rum
358 1424 498 1500 (Jerem.
524 1431 583 1511 27,
606 1431 637 1492 3.
672 1421 813 1515 Joseph.
840 1419 964 1522 Antiq.
989 1426 1072 1495 Jud„
1092 1429 1136 1496 X.
1157 1437 1192 1518 9,
1212 1436 1274 1520 7.),

251 1543 359 1596 terras
384 1528 470 1616 iter,
508 1528 575 1594 sibi
599 1527 729 1618 quippe
756 1525 973 1617 expeditius,
1010 1531 1128 1598 mallet
1153 1531 1278 1622 facere,

252 1659 356 1724 (paam
376 1627 591 1698 Joialrimum
617 1629 820 1696 debellando
845 1631 887 1695 ab
916 1631 1071 1699 hostibus
1096 1636 1278 1704 insectan-

251 1735 303 1800 dis
327 1733 502 1800 retardari.
563 1730 679 1826 Atque
704 1733 771 1798 hoc
795 1733 872 1824 ipso
895 1748 1069 1828 tempore,
1095 1761 1176 1803 cam
1193 1739 1273 1830 pri·

250 1863 350 1903 nram
373 1836 662 1925 Nebucadnezar,
698 1837 794 1927 quod
818 1851 975 1906 auctores
1002 1839 1126 1930 2lleg.
1154 1845 1214 1912 24.
1241 1836 1277 1910 et

253 1941 426 2008 2Cluon.
450 1945 507 2024 36,
537 1947 568 2006 5.
589 1944 620 2006 6.
650 1939 787 2005 silentio
813 1965 956 2032 prorsus
983 1945 1202 2032 omiserunt,
1237 1945 1278 2012 in

249 2041 314 2136 has
330 2055 436 2107 terras
456 2055 719 2133 prorumperet,
746 2041 976 2129 Habacacum,
1002 2046 1192 2134 probabile
1211 2048 1278 2114 du·

250 2171 310 2234 co,
337 2145 515 2212 oraculum
533 2170 655 2231 suum,
682 2145 837 2212 futuram
860 2146 987 2213 cladem
1005 2147 1199 2236 augurans,
1215 2185 1218 2191 ·
1234 2152 1274 2217 in

248 2250 376 2338 vulgus
407 2251 563 2317 edidisse.
626 2248 751 2316 Omnis
777 2251 874 2316 enim
903 2265 1103 2342 temporum
1126 2252 1275 2320 illorum

250 2345 367 2428 ea'est¹
385 2354 520 2421 indoles
546 2379 582 2419 ac
610 2353 733 2440 facies,
774 2367 815 2420 ut
843 2380 886 2420 ex
909 2355 953 2421 iis
977 2366 1090 2421 ortum
1110 2380 1148 2421 ac
1171 2356 1270 2445 quasi

117 2532 120 2540 Ι
248 2458 470 2552 procreatum
485 2457 653 2524 videatur.
707 2455 797 2524 Nam
809 2481 897 2522 cum
916 2459 1073 2550 primum
1093 2457 1272 2526 caedibus

142 2611 150 2624 .
248 2562 320 2636 suis
341 2562 447 2649 moti,
483 2561 723 2628 Hebraeorum
746 2573 823 2627 tum
849 2561 1174 2654 appropinquarent
1189 2559 1273 2628 fini-

247 2665 354 2734 nibus
380 2663 561 2753 Chaldaei,
590 2689 711 2732 eorum
726 2662 881 2756 profecto
902 2663 1062 2732 inaudita
1078 2689 1132 2732 res
1151 2664 1273 2731 dicen-

248 2771 291 2837 da
310 2759 381 2839 orat
399 2769 574 2847 incursi03
603 2768 728 2834 deinde
744 2767 942 2860 aptissimus
961 2775 1052 2856 erat,
1082 2767 1163 2860 q'uia
1178 2793 1273 2834 non·
1345 2747 1346 2766 l

248 2875 333 2940 dum
359 2874 398 2940 in
424 2873 535 2965 ipsam
559 2884 687 2939 terram
712 2884 996 2965 penetraverant,
1029 2871 1189 2938 moribus
1213 2897 1274 2938 eo-

246 3005 328 3045 rnm
345 2977 499 3043 barbaris
521 2974 779 3063 describendis,
814 2975 1023 3066 futuraeque
1048 2975 1091 3041 ab
1117 2975 1159 3041 iis
1178 2973 1270 3040 cladi

246 3080 454 3148 ominaudae
477 3079 586 3167 locus,
613 3101 689 3165 nec,
717 3101 798 3145 oum
814 3079 854 3147 in
871 3076 954 3146 ‘Asia
973 3103 1113 3170 summa
1128 3077 1272 3169 imperii

244 3183 349 3277 potiti
375 3196 507 3271 essent,
542 3207 666 3272 regna,
704 3207 791 3274 quae
816 3184 928 3250 adorti
952 3195 1069 3270 erant,
1104 3182 1272 3249 vicissent

245 3286 380 3373 omnia,
409 3287 553 3356 divitem
571 3287 732 3354 fecissent
745 3287 929 3378 praedam,
965 3285 1063 3352 aliter
1083 3309 1190 3376 quam
1206 3310 1271 3376 po·

242 3391 456 3460 tentissimos
475 3392 669 3460 describere
685 3389 828 3470 licebat3
857 3389 1010 3481 denique
1031 3414 1113 3456 vero
1131 3389 1184 3454 rei
1201 3385 1270 3454 Jn-

243 3495 411 3563 daeorum
434 3496 594 3590 publicae
617 3507 687 3560 tam
710 3517 871 3587 perversa
891 3506 963 3559 erat
979 3493 1087 3579 ratio,
1114 3517 1152 3558 ac
1169 3489 1267 3555 Joia-
1341 3563 1342 3587 ,

240 3597 348 3688 limi,
383 3600 446 3692 qui
473 3601 512 3666 in
543 3597 700 3691 pessimis
726 3611 798 3666 erat
824 3596 965 3686 regibus
986 3603 1022 3672 (2
1044 3595 1123 3682 Reg.
1143 3595 1204 3677 24,
1229 3593 1266 3659 4.

244 3701 418 3772 2Chron.
446 3708 504 3790 36,
534 3709 566 3774 8.
595 3701 723 3772 Jerem.
749 3709 808 3787 22,
835 3705 972 3772 17.18.
1004 3706 1063 3786 26,
1083 3700 1265 3768 21-23.
1340 3777 1341 3788 ,

240 3805 383 3898 Joseph.
400 3803 483 3874 Ant.
503 3806 547 3874 X.
568 3814 601 3896 5,
620 3813 651 3877 2·
681 3799 851 3892 ἐτύγχανε
871 3801 951 3878 ,δ’ὢν
976 3799 1034 3892 ripe
1062 3795 1163 3887 φύσιν
1196 3793 1267 3862 ἅδι-

240 3932 301 3982 κος
327 3907 382 3978 καὶ
405 3911 616 4002 κακοῦργος,
653 3911 710 3976 καὶ
733 3907 817 4004 μήτε
841 3905 924 4002 πρὸς
941 3901 1020 3977 θεὸν
1042 3902 1151 3993 ὅσιος,
1179 3898 1267 3996 pelas
1294 3928 1298 3937 ·
1339 3985 1340 3993 ἵ

238 4008 320 4109 πρὸς
352 4011 553 4110 ἀνθρώπους
580 4010 759 4112 ἐπιεικὴς),
801 4027 870 4086 tam
888 4005 1131 4106 ¹depraratum
1165 4007 1267 4094 inge·
