<?xml version="1.0" encoding="UTF-8"?>
<!DOCTYPE html PUBLIC "-//W3C//DTD XHTML 1.0 Transitional//EN"
    "http://www.w3.org/TR/xhtml1/DTD/xhtml1-transitional.dtd">
<html xmlns="http://www.w3.org/1999/xhtml" xml:lang="en" lang="en">
 <head>
  <title>
</title>
<meta http-equiv="Content-Type" content="text/html;charset=utf-8" />
  <meta name='ocr-system' content='tesseract 3.04.00' />
  <meta name='ocr-capabilities' content='ocr_page ocr_carea ocr_par ocr_line ocrx_word'/>
</head>
<body>
  <div class='ocr_page' id='page_1' title='image "./prolusioadinter00sticgoog_0069.png"; bbox 0 0 2730 4728; ppageno 0'>
   <div class='ocr_carea' id='block_1_1' title="bbox 467 293 888 374">
    <p class='ocr_par' dir='ltr' id='par_1_1' title="bbox 467 293 888 374">
     <span class='ocr_line' id='line_1_1' title="bbox 467 293 888 374; baseline 0.002 -16"><span class='ocrx_word' id='word_1_1' title='bbox 467 293 888 374; x_wconf 25' lang='lat'><strong>-511-,</strong></span> 
     </span>
    </p>
   </div>
   <div class='ocr_carea' id='block_1_2' title="bbox 18 475 1279 2334">
    <p class='ocr_par' dir='ltr' id='par_1_2' title="bbox 71 469 1279 1402">
     <span class='ocr_line' id='line_1_2' title="bbox 114 475 1137 572; baseline -0.001 -18"><span class='ocrx_word' id='word_1_2' title='bbox 114 487 233 572; x_wconf 87' lang='lat' dir='ltr'><strong>nium,</strong></span> <span class='ocrx_word' id='word_1_3' title='bbox 259 494 300 548; x_wconf 92' lang='lat' dir='ltr'><strong>ut</strong></span> <span class='ocrx_word' id='word_1_4' title='bbox 320 492 353 547; x_wconf 89' lang='lat' dir='ltr'><strong>et</strong></span> <span class='ocrx_word' id='word_1_5' title='bbox 371 479 419 562; x_wconf 14' lang='lat' dir='ltr'><strong>ab*</strong></span> <span class='ocrx_word' id='word_1_6' title='bbox 428 479 607 572; x_wconf 79' lang='lat' dir='ltr'><strong>impietate</strong></span> <span class='ocrx_word' id='word_1_7' title='bbox 625 475 824 570; x_wconf 83' lang='lat' dir='ltr'><strong>aequalium</strong></span> <span class='ocrx_word' id='word_1_8' title='bbox 842 478 972 548; x_wconf 87' lang='lat' dir='ltr'><strong>oraoull</strong></span> <span class='ocrx_word' id='word_1_9' title='bbox 992 481 1137 553; x_wconf 83' lang='lat' dir='ltr'><strong>initium</strong></span> 
     </span>
     <span class='ocr_line' id='line_1_3' title="bbox 114 579 1138 682; baseline 0 -26"><span class='ocrx_word' id='word_1_10' title='bbox 114 613 251 682; x_wconf 81' lang='lat' dir='ltr'>capere,</span> <span class='ocrx_word' id='word_1_11' title='bbox 293 598 396 678; x_wconf 82' lang='lat' dir='ltr'><strong>atque</strong></span> <span class='ocrx_word' id='word_1_12' title='bbox 425 585 500 675; x_wconf 88' lang='lat' dir='ltr'><strong>ejus</strong></span> <span class='ocrx_word' id='word_1_13' title='bbox 526 581 683 650; x_wconf 79' lang='lat' dir='ltr'><strong>vindices</strong></span> <span class='ocrx_word' id='word_1_14' title='bbox 713 579 902 649; x_wconf 79' lang='lat' dir='ltr'><strong>Chaldaeos</strong></span> <span class='ocrx_word' id='word_1_15' title='bbox 928 583 1067 676; x_wconf 87' lang='lat' dir='ltr'><strong>adfore,</strong></span> <span class='ocrx_word' id='word_1_16' title='bbox 1102 602 1138 656; x_wconf 83' lang='lat' dir='ltr'><strong>et</strong></span> 
     </span>
     <span class='ocr_line' id='line_1_4' title="bbox 114 683 1279 783; baseline -0.015 -24"><span class='ocrx_word' id='word_1_17' title='bbox 114 693 178 760; x_wconf 88' lang='lat' dir='ltr'><strong>sibi</strong></span> <span class='ocrx_word' id='word_1_18' title='bbox 195 689 367 783; x_wconf 82' lang='lat' dir='ltr'><strong>propheta</strong></span> <span class='ocrx_word' id='word_1_19' title='bbox 380 699 499 780; x_wconf 76' lang='lat' dir='ltr'><strong>posset</strong></span> <span class='ocrx_word' id='word_1_20' title='bbox 516 698 549 753; x_wconf 88' lang='lat' dir='ltr'><strong>et</strong></span> <span class='ocrx_word' id='word_1_21' title='bbox 565 683 795 779; x_wconf 87' lang='lat' dir='ltr'><strong>popularibus</strong></span> <span class='ocrx_word' id='word_1_22' title='bbox 815 686 948 779; x_wconf 83' lang='lat' dir='ltr'><strong>optimo</strong></span> <span class='ocrx_word' id='word_1_23' title='bbox 962 691 1040 781; x_wconf 89' lang='lat' dir='ltr'><strong>jure</strong></span> <span class='ocrx_word' id='word_1_24' title='bbox 1056 715 1135 783; x_wconf 73' lang='lat' dir='ltr'><strong>per.</strong></span> <span class='ocrx_word' id='word_1_25' title='bbox 1235 725 1242 742; x_wconf 91' lang='grc'><strong>.</strong></span> <span class='ocrx_word' id='word_1_26' title='bbox 1275 709 1279 730; x_wconf 84' lang='lat'><strong>·</strong></span> 
     </span>
     <span class='ocr_line' id='line_1_5' title="bbox 109 787 1137 886; baseline 0 -24"><span class='ocrx_word' id='word_1_27' title='bbox 109 795 266 862; x_wconf 86' lang='lat' dir='ltr'><strong>suadere.</strong></span> <span class='ocrx_word' id='word_1_28' title='bbox 326 791 422 886; x_wconf 81' lang='lat' dir='ltr'><strong>Quae</strong></span> <span class='ocrx_word' id='word_1_29' title='bbox 449 789 593 882; x_wconf 90' lang='lat' dir='ltr'><strong>quidem</strong></span> <span class='ocrx_word' id='word_1_30' title='bbox 621 787 740 857; x_wconf 88' lang='lat' dir='ltr'><strong>omnia</strong></span> <span class='ocrx_word' id='word_1_31' title='bbox 766 788 845 879; x_wconf 86' lang='lat' dir='ltr'><strong>quis</strong></span> <span class='ocrx_word' id='word_1_32' title='bbox 871 815 945 857; x_wconf 89' lang='lat' dir='ltr'><strong>non</strong></span> <span class='ocrx_word' id='word_1_33' title='bbox 970 792 1065 860; x_wconf 83' lang='lat' dir='ltr'><strong>videt</strong></span> <span class='ocrx_word' id='word_1_34' title='bbox 1088 794 1137 862; x_wconf 88' lang='lat' dir='ltr'><strong>ita</strong></span> 
     </span>
     <span class='ocr_line' id='line_1_6' title="bbox 111 889 1136 986; baseline -0.001 -21"><span class='ocrx_word' id='word_1_35' title='bbox 111 923 183 966; x_wconf 88' lang='lat' dir='ltr'><strong>esse</strong></span> <span class='ocrx_word' id='word_1_36' title='bbox 210 907 422 986; x_wconf 78' lang='lat' dir='ltr'><strong>comparata,</strong></span> <span class='ocrx_word' id='word_1_37' title='bbox 456 905 499 960; x_wconf 87' lang='lat' dir='ltr'><strong>ut</strong></span> <span class='ocrx_word' id='word_1_38' title='bbox 524 891 670 982; x_wconf 83' lang='lat' dir='ltr'><strong>singulis</strong></span> <span class='ocrx_word' id='word_1_39' title='bbox 690 889 866 958; x_wconf 85' lang='lat' dir='ltr'><strong>Habacuoi</strong></span> <span class='ocrx_word' id='word_1_40' title='bbox 878 895 1063 972; x_wconf 78' lang='lat' dir='ltr'><strong>sententiis</strong></span> <span class='ocrx_word' id='word_1_41' title='bbox 1081 923 1136 964; x_wconf 90' lang='lat' dir='ltr'><strong>ao-</strong></span> 
     </span>
     <span class='ocr_line' id='line_1_7' title="bbox 109 995 1135 1092; baseline -0.002 -23"><span class='ocrx_word' id='word_1_42' title='bbox 109 999 326 1069; x_wconf 86' lang='lat' dir='ltr'><strong>ouratissime</strong></span> <span class='ocrx_word' id='word_1_43' title='bbox 344 995 597 1090; x_wconf 83' lang='lat' dir='ltr'><strong>respondeant,</strong></span> <span class='ocrx_word' id='word_1_44' title='bbox 634 1005 823 1088; x_wconf 84' lang='lat' dir='ltr'><strong>earumque</strong></span> <span class='ocrx_word' id='word_1_45' title='bbox 839 995 936 1063; x_wconf 89' lang='lat' dir='ltr'><strong>unde</strong></span> <span class='ocrx_word' id='word_1_46' title='bbox 950 1023 1135 1092; x_wconf 87' lang='lat' dir='ltr'><strong>promana-</strong></span> 
     </span>
     <span class='ocr_line' id='line_1_8' title="bbox 108 1097 1135 1195; baseline 0 -24"><span class='ocrx_word' id='word_1_47' title='bbox 108 1104 229 1173; x_wconf 88' lang='lat' dir='ltr'><strong>verint</strong></span> <span class='ocrx_word' id='word_1_48' title='bbox 251 1101 384 1168; x_wconf 82' lang='lat' dir='ltr'><strong>fontem</strong></span> <span class='ocrx_word' id='word_1_49' title='bbox 410 1111 446 1164; x_wconf 91' lang='lat' dir='ltr'><strong>et</strong></span> <span class='ocrx_word' id='word_1_50' title='bbox 463 1098 635 1188; x_wconf 82' lang='lat' dir='ltr'><strong>originem</strong></span> <span class='ocrx_word' id='word_1_51' title='bbox 655 1099 754 1191; x_wconf 81' lang='lat' dir='ltr'><strong>quasi</strong></span> <span class='ocrx_word' id='word_1_52' title='bbox 771 1097 815 1164; x_wconf 91' lang='lat' dir='ltr'><strong>ob</strong></span> <span class='ocrx_word' id='word_1_53' title='bbox 837 1099 958 1170; x_wconf 84' lang='lat' dir='ltr'><strong>oeulos</strong></span> <span class='ocrx_word' id='word_1_54' title='bbox 974 1103 1135 1195; x_wconf 72' lang='lat' dir='ltr'><strong>popant?</strong></span> 
     </span>
     <span class='ocr_line' id='line_1_9' title="bbox 110 1201 1136 1296; baseline -0.013 -23"><span class='ocrx_word' id='word_1_55' title='bbox 110 1203 252 1273; x_wconf 74' lang='lat' dir='ltr'><strong>Accedit</strong></span> <span class='ocrx_word' id='word_1_56' title='bbox 267 1204 420 1296; x_wconf 89' lang='lat' dir='ltr'><strong>denique</strong></span> <span class='ocrx_word' id='word_1_57' title='bbox 438 1201 524 1290; x_wconf 85' lang='lat' dir='ltr'><strong>hoo,</strong></span> <span class='ocrx_word' id='word_1_58' title='bbox 549 1202 647 1269; x_wconf 89' lang='lat' dir='ltr'><strong>unde</strong></span> <span class='ocrx_word' id='word_1_59' title='bbox 663 1201 762 1268; x_wconf 89' lang='lat' dir='ltr'><strong>haud</strong></span> <span class='ocrx_word' id='word_1_60' title='bbox 781 1225 906 1294; x_wconf 87' lang='lat' dir='ltr'><strong>parum</strong></span> <span class='ocrx_word' id='word_1_61' title='bbox 924 1229 1036 1272; x_wconf 85' lang='lat' dir='ltr'><strong>meam</strong></span> <span class='ocrx_word' id='word_1_62' title='bbox 1055 1231 1136 1276; x_wconf 86' lang='lat' dir='ltr'><strong>sen.</strong></span> 
     </span>
     <span class='ocr_line' id='line_1_10' title="bbox 71 1303 1136 1402; baseline 0.002 -26"><span class='ocrx_word' id='word_1_63' title='bbox 71 1357 76 1366; x_wconf 86' lang='lat'><strong>·</strong></span> <span class='ocrx_word' id='word_1_64' title='bbox 109 1311 253 1376; x_wconf 84' lang='lat' dir='ltr'><strong>tentiam</strong></span> <span class='ocrx_word' id='word_1_65' title='bbox 271 1305 473 1396; x_wconf 73' lang='lat' dir='ltr'><strong>oonfirmari</strong></span> <span class='ocrx_word' id='word_1_66' title='bbox 492 1317 600 1398; x_wconf 90' lang='lat' dir='ltr'><strong>puto,</strong></span> <span class='ocrx_word' id='word_1_67' title='bbox 637 1303 734 1398; x_wconf 91' lang='lat' dir='ltr'><strong>quod</strong></span> <span class='ocrx_word' id='word_1_68' title='bbox 755 1329 837 1372; x_wconf 89' lang='lat' dir='ltr'><strong>oum</strong></span> <span class='ocrx_word' id='word_1_69' title='bbox 858 1309 958 1376; x_wconf 87' lang='lat' dir='ltr'><strong>omni</strong></span> <span class='ocrx_word' id='word_1_70' title='bbox 979 1321 1136 1402; x_wconf 86' lang='lat' dir='ltr'><strong>tempore</strong></span> 
     </span>
    </p>

    <p class='ocr_par' dir='ltr' id='par_1_3' title="bbox 18 1405 1245 2334">
     <span class='ocr_line' id='line_1_11' title="bbox 18 1405 1136 1504; baseline 0.004 -26"><span class='ocrx_word' id='word_1_71' title='bbox 18 1491 19 1494; x_wconf 8' lang='grc' dir='ltr'><strong>Ἴ</strong></span> <span class='ocrx_word' id='word_1_72' title='bbox 104 1411 289 1504; x_wconf 85' lang='lat' dir='ltr'><strong>prophetis</strong></span> <span class='ocrx_word' id='word_1_73' title='bbox 312 1409 418 1476; x_wconf 87' lang='lat' dir='ltr'><strong>moris</strong></span> <span class='ocrx_word' id='word_1_74' title='bbox 444 1405 529 1497; x_wconf 88' lang='lat' dir='ltr'><strong>fuit,</strong></span> <span class='ocrx_word' id='word_1_75' title='bbox 570 1410 601 1475; x_wconf 88' lang='lat' dir='ltr'><strong>si</strong></span> <span class='ocrx_word' id='word_1_76' title='bbox 625 1407 669 1475; x_wconf 89' lang='lat' dir='ltr'><strong>ad</strong></span> <span class='ocrx_word' id='word_1_77' title='bbox 693 1409 823 1500; x_wconf 83' lang='lat' dir='ltr'><strong>patriae</strong></span> <span class='ocrx_word' id='word_1_78' title='bbox 848 1407 936 1478; x_wconf 87' lang='lat' dir='ltr'><strong>fines</strong></span> <span class='ocrx_word' id='word_1_79' title='bbox 961 1413 1136 1500; x_wconf 78' lang='lat' dir='ltr'><strong>aceederet</strong></span> 
     </span>
     <span class='ocr_line' id='line_1_12' title="bbox 107 1511 1134 1601; baseline 0.004 -21"><span class='ocrx_word' id='word_1_80' title='bbox 107 1513 246 1582; x_wconf 86' lang='lat' dir='ltr'><strong>hostilis</strong></span> <span class='ocrx_word' id='word_1_81' title='bbox 274 1513 464 1601; x_wconf 82' lang='lat' dir='ltr'><strong>exercitus,</strong></span> <span class='ocrx_word' id='word_1_82' title='bbox 502 1511 612 1581; x_wconf 87' lang='lat' dir='ltr'><strong>animi</strong></span> <span class='ocrx_word' id='word_1_83' title='bbox 632 1511 689 1579; x_wconf 83' lang='lat' dir='ltr'><strong>sui</strong></span> <span class='ocrx_word' id='word_1_84' title='bbox 705 1523 840 1578; x_wconf 88' lang='lat' dir='ltr'><strong>metum</strong></span> <span class='ocrx_word' id='word_1_85' title='bbox 861 1513 1000 1584; x_wconf 85' lang='lat' dir='ltr'><strong>oraculo</strong></span> <span class='ocrx_word' id='word_1_86' title='bbox 1019 1514 1134 1584; x_wconf 90' lang='lat' dir='ltr'><strong>effun-</strong></span> 
     </span>
     <span class='ocr_line' id='line_1_13' title="bbox 110 1615 1134 1710; baseline 0.003 -27"><span class='ocrx_word' id='word_1_87' title='bbox 110 1617 211 1705; x_wconf 82' lang='lat' dir='ltr'><strong>dere,</strong></span> <span class='ocrx_word' id='word_1_88' title='bbox 243 1615 403 1684; x_wconf 82' lang='lat' dir='ltr'><strong>hostibus</strong></span> <span class='ocrx_word' id='word_1_89' title='bbox 427 1615 623 1709; x_wconf 86' lang='lat' dir='ltr'><strong>pernioiem</strong></span> <span class='ocrx_word' id='word_1_90' title='bbox 649 1615 880 1710; x_wconf 71' lang='lat' dir='ltr'><strong>denuntiante</strong></span> <span class='ocrx_word' id='word_1_91' title='bbox 907 1617 964 1692; x_wconf 81' lang='lat' dir='ltr'><strong>(ef.</strong></span> <span class='ocrx_word' id='word_1_92' title='bbox 982 1617 1052 1688; x_wconf 86' lang='lat' dir='ltr'><strong>Jes.</strong></span> <span class='ocrx_word' id='word_1_93' title='bbox 1075 1625 1134 1690; x_wconf 90' lang='grc'><strong>10.</strong></span> 
     </span>
     <span class='ocr_line' id='line_1_14' title="bbox 105 1717 1238 1810; baseline 0.002 -24"><span class='ocrx_word' id='word_1_94' title='bbox 105 1733 140 1786; x_wconf 88' lang='lat' dir='ltr'><strong>et</strong></span> <span class='ocrx_word' id='word_1_95' title='bbox 157 1719 252 1788; x_wconf 88' lang='lat' dir='ltr'><strong>adh.</strong></span> <span class='ocrx_word' id='word_1_96' title='bbox 269 1720 294 1787; x_wconf 90' lang='lat' dir='ltr'><strong>l.</strong></span> <span class='ocrx_word' id='word_1_97' title='bbox 314 1719 504 1786; x_wconf 80' lang='lat' dir='ltr'><strong>Guaamuu</strong></span> <span class='ocrx_word' id='word_1_98' title='bbox 521 1717 757 1786; x_wconf 87' lang='lat' dir='ltr'><strong>Commentar.</strong></span> <span class='ocrx_word' id='word_1_99' title='bbox 772 1744 809 1810; x_wconf 84' lang='lat' dir='ltr'><strong>p.</strong></span> <span class='ocrx_word' id='word_1_100' title='bbox 832 1717 943 1810; x_wconf 82' lang='lat'><strong>386.),</strong></span> <span class='ocrx_word' id='word_1_101' title='bbox 961 1731 1047 1789; x_wconf 75' lang='lat' dir='ltr'><strong>‘tum</strong></span> <span class='ocrx_word' id='word_1_102' title='bbox 1066 1721 1135 1790; x_wconf 91' lang='lat' dir='ltr'><strong>hoo</strong></span> <span class='ocrx_word' id='word_1_103' title='bbox 1235 1797 1238 1805; x_wconf 25' lang='lat'><strong>¹</strong></span> 
     </span>
     <span class='ocr_line' id='line_1_15' title="bbox 103 1816 1245 1916; baseline 0.009 -30"><span class='ocrx_word' id='word_1_104' title='bbox 103 1823 293 1915; x_wconf 82' lang='lat' dir='ltr'><strong>praecipue</strong></span> <span class='ocrx_word' id='word_1_105' title='bbox 325 1845 447 1906; x_wconf 89' lang='lat' dir='ltr'><strong>anno,</strong></span> <span class='ocrx_word' id='word_1_106' title='bbox 497 1845 578 1886; x_wconf 90' lang='lat' dir='ltr'><strong>oum</strong></span> <span class='ocrx_word' id='word_1_107' title='bbox 612 1819 913 1891; x_wconf 76' lang='lat' dir='ltr'><strong>Nebuoadne&#39;zaris</strong></span> <span class='ocrx_word' id='word_1_108' title='bbox 950 1826 1134 1916; x_wconf 81' lang='lat' dir='ltr'><strong>exercituo,</strong></span> <span class='ocrx_word' id='word_1_109' title='bbox 1241 1816 1245 1832; x_wconf 57' lang='lat'><em>„</em></span> 
     </span>
     <span class='ocr_line' id='line_1_16' title="bbox 107 1923 1133 2022; baseline 0.007 -31"><span class='ocrx_word' id='word_1_110' title='bbox 107 1923 321 2016; x_wconf 77' lang='lat' dir='ltr'><strong>tempestatis</strong></span> <span class='ocrx_word' id='word_1_111' title='bbox 340 1924 449 1991; x_wconf 85' lang='lat' dir='ltr'><strong>instar</strong></span> <span class='ocrx_word' id='word_1_112' title='bbox 468 1923 690 2014; x_wconf 91' lang='lat' dir='ltr'><strong>immineret,</strong></span> <span class='ocrx_word' id='word_1_113' title='bbox 701 1983 704 2014; x_wconf 42' lang='grc' dir='ltr'>Ι</span> <span class='ocrx_word' id='word_1_114' title='bbox 718 1924 934 2018; x_wconf 84' lang='lat' dir='ltr'><strong>exploratum</strong></span> <span class='ocrx_word' id='word_1_115' title='bbox 952 1939 1022 2016; x_wconf 86' lang='lat' dir='ltr'><strong>est,</strong></span> <span class='ocrx_word' id='word_1_116' title='bbox 1048 1953 1133 2022; x_wconf 88' lang='lat' dir='ltr'><strong>pro-</strong></span> 
     </span>
     <span class='ocr_line' id='line_1_17' title="bbox 105 2025 1132 2122; baseline 0.011 -30"><span class='ocrx_word' id='word_1_117' title='bbox 105 2025 229 2122; x_wconf 86' lang='lat' dir='ltr'><strong>phetas</strong></span> <span class='ocrx_word' id='word_1_118' title='bbox 248 2051 329 2094; x_wconf 85' lang='lat' dir='ltr'><strong>suae</strong></span> <span class='ocrx_word' id='word_1_119' title='bbox 349 2027 496 2094; x_wconf 84' lang='lat' dir='ltr'><strong>civitatis</strong></span> <span class='ocrx_word' id='word_1_120' title='bbox 524 2028 628 2096; x_wconf 88' lang='lat' dir='ltr'><strong>saluti</strong></span> <span class='ocrx_word' id='word_1_121' title='bbox 645 2051 858 2120; x_wconf 78' lang='lat' dir='ltr'><strong>magnopere</strong></span> <span class='ocrx_word' id='word_1_122' title='bbox 883 2029 1061 2120; x_wconf 86' lang='lat' dir='ltr'><strong>timuisse,</strong></span> <span class='ocrx_word' id='word_1_123' title='bbox 1088 2047 1132 2122; x_wconf 87' lang='lat' dir='ltr'><strong>et,</strong></span> 
     </span>
     <span class='ocr_line' id='line_1_18' title="bbox 105 2129 1133 2229; baseline 0.007 -32"><span class='ocrx_word' id='word_1_124' title='bbox 105 2144 147 2197; x_wconf 86' lang='lat' dir='ltr'><strong>ut</strong></span> <span class='ocrx_word' id='word_1_125' title='bbox 163 2131 205 2196; x_wconf 90' lang='lat' dir='ltr'><strong>ad</strong></span> <span class='ocrx_word' id='word_1_126' title='bbox 227 2129 410 2196; x_wconf 87' lang='lat' dir='ltr'><strong>meliorem</strong></span> <span class='ocrx_word' id='word_1_127' title='bbox 437 2129 576 2219; x_wconf 81' lang='lat' dir='ltr'><strong>frugem</strong></span> <span class='ocrx_word' id='word_1_128' title='bbox 592 2132 779 2224; x_wconf 80' lang='lat' dir='ltr'><strong>populum</strong></span> <span class='ocrx_word' id='word_1_129' title='bbox 792 2145 1016 2222; x_wconf 84' lang='lat' dir='ltr'><strong>revocarent,</strong></span> <span class='ocrx_word' id='word_1_130' title='bbox 1051 2138 1133 2229; x_wconf 88' lang='lat' dir='ltr'><strong>plu·</strong></span> 
     </span>
     <span class='ocr_line' id='line_1_19' title="bbox 103 2231 1171 2334; baseline 0.009 -34"><span class='ocrx_word' id='word_1_131' title='bbox 103 2259 144 2300; x_wconf 90' lang='lat' dir='ltr'><strong>ra</strong></span> <span class='ocrx_word' id='word_1_132' title='bbox 166 2232 331 2300; x_wconf 84' lang='lat' dir='ltr'><strong>vaticinia</strong></span> <span class='ocrx_word' id='word_1_133' title='bbox 351 2231 532 2326; x_wconf 85' lang='lat' dir='ltr'><strong>propalam</strong></span> <span class='ocrx_word' id='word_1_134' title='bbox 556 2235 733 2318; x_wconf 30' lang='lat' dir='ltr'><strong>curavisse,</strong></span> <span class='ocrx_word' id='word_1_135' title='bbox 747 2234 974 2327; x_wconf 81' lang='lat' dir='ltr'><strong>praelegenda</strong></span> <span class='ocrx_word' id='word_1_136' title='bbox 991 2236 1130 2316; x_wconf 88' lang='lat' dir='ltr'><strong>(Jerem.</strong></span> <span class='ocrx_word' id='word_1_137' title='bbox 1159 2319 1171 2334; x_wconf 23' lang='grc' dir='ltr'><strong>ἱ</strong></span> 
     </span>
    </p>
   </div>
   <div class='ocr_carea' id='block_1_3' title="bbox 107 2339 834 2428">
    <p class='ocr_par' dir='ltr' id='par_1_4' title="bbox 107 2339 834 2428">
     <span class='ocr_line' id='line_1_20' title="bbox 107 2339 834 2428; baseline -0.004 -20"><span class='ocrx_word' id='word_1_138' title='bbox 107 2341 169 2426; x_wconf 82' lang='lat' dir='ltr'><strong>as,</strong></span> <span class='ocrx_word' id='word_1_139' title='bbox 191 2343 223 2408; x_wconf 88' lang='lat'><strong>9.</strong></span> <span class='ocrx_word' id='word_1_140' title='bbox 246 2342 303 2408; x_wconf 85' lang='lat'><strong>10.</strong></span> <span class='ocrx_word' id='word_1_141' title='bbox 326 2341 356 2408; x_wconf 92' lang='lat'><strong>1.</strong></span> <span class='ocrx_word' id='word_1_142' title='bbox 375 2343 442 2425; x_wconf 76' lang='lat' dir='ltr'><strong>as„</strong></span> <span class='ocrx_word' id='word_1_143' title='bbox 457 2340 487 2406; x_wconf 89' lang='lat'><strong>1.</strong></span> <span class='ocrx_word' id='word_1_144' title='bbox 508 2343 568 2410; x_wconf 86' lang='lat'><strong>29.</strong></span> <span class='ocrx_word' id='word_1_145' title='bbox 587 2342 648 2428; x_wconf 76' lang='lat' dir='ltr'><strong>aa,</strong></span> <span class='ocrx_word' id='word_1_146' title='bbox 672 2344 703 2410; x_wconf 90' lang='lat'><strong>1.</strong></span> <span class='ocrx_word' id='word_1_147' title='bbox 720 2340 754 2408; x_wconf 78' lang='grc'><strong>4.</strong></span> <span class='ocrx_word' id='word_1_148' title='bbox 779 2339 834 2414; x_wconf 73' lang='lat' dir='ltr'><strong>a).</strong></span> 
     </span>
    </p>
   </div>
   <div class='ocr_carea' id='block_1_4' title="bbox 0 0 1370 4728">
    <p class='ocr_par' dir='ltr' id='par_1_5' title="bbox 0 0 1370 4728">
     <span class='ocr_line' id='line_1_21' title="bbox 0 0 1370 4728; baseline 0 3"><span class='ocrx_word' id='word_1_149' title='bbox 0 0 1370 4728; x_wconf 95' lang='lat' dir='ltr'><strong> </strong></span> 
     </span>
    </p>
   </div>
  </div>
 </body>
</html>
